
%%%%% Chapter 1 %%%%%

@article{Khachatryan:2016cfx,
         author         = "Khachatryan, Vardan and others",
         title          = "{Search for heavy resonances decaying into a vector boson and a Higgs boson in final states with charged leptons, neutrinos, and b quarks}",
         collaboration  = "CMS",
         year           = "2016",
	 eprint         = "1610.08066",
	 archivePrefix  = "arXiv",
	 primaryClass   = "hep-ex",
	 reportNumber   = "CMS-B2G-16-003, CERN-EP-2016-226",
	 SLACcitation   = "%%CITATION = ARXIV:1610.08066;%%"
}

@article{PhysRevLett.13.508,
         title = {Broken Symmetries and the Masses of Gauge Bosons},
         author = {Higgs, Peter W.},
         journal = {Phys. Rev. Lett.},
         volume = {13},
	 issue = {16},
	 pages = {508--509},
	 numpages = {0},
	 year = {1964},
	 month = {10},
	 publisher = {American Physical Society},
	 doi = {10.1103/PhysRevLett.13.508},
	 url = {http://link.aps.org/doi/10.1103/PhysRevLett.13.508}
}

@article{Aad:2012tfa,
         author         = "Aad, Georges and others",
         title          = "{Observation of a new particle in the search for the Standard Model Higgs boson with the ATLAS detector at the LHC}",
	 collaboration  = "ATLAS",
	 journal        = "Phys. Lett.",
	 volume         = "B716",
	 year           = "2012",
	 pages          = "1-29",
	 doi            = "10.1016/j.physletb.2012.08.020",
	 eprint         = "1207.7214",
	 archivePrefix  = "arXiv",
	 primaryClass   = "hep-ex",
	 reportNumber   = "CERN-PH-EP-2012-218",
	 SLACcitation   = "%%CITATION = ARXIV:1207.7214;%%"
}

@article{Chatrchyan:2012xdj,
         author         = "Chatrchyan, Serguei and others",
         title          = "{Observation of a new boson at a mass of 125 GeV with the CMS experiment at the LHC}",
	 collaboration  = "CMS",
	 journal        = "Phys. Lett.",
	 volume         = "B716",
	 year           = "2012",
	 pages          = "30-61",
	 doi            = "10.1016/j.physletb.2012.08.021",
	 eprint         = "1207.7235",
	 archivePrefix  = "arXiv",
	 primaryClass   = "hep-ex",
	 reportNumber   = "CMS-HIG-12-028, CERN-PH-EP-2012-220",
	 SLACcitation   = "%%CITATION = ARXIV:1207.7235;%%"
}

@article{Chatrchyan:2013lba,
         author         = "Chatrchyan, Serguei and others",
         title          = "{Observation of a new boson with mass near 125 GeV in pp collisions at $\sqrt{s}$ = 7 and 8 TeV}",
         collaboration  = "CMS",
         journal        = "JHEP",
         volume         = "06",
         year           = "2013",
         pages          = "081",
         doi            = "10.1007/JHEP06(2013)081",
         eprint         = "1303.4571",
         archivePrefix  = "arXiv",
         primaryClass   = "hep-ex",
         reportNumber   = "CMS-HIG-12-036, CERN-PH-EP-2013-035",
         SLACcitation   = "%%CITATION = ARXIV:1303.4571;%%"
}

@article{Han:2003wu,
         author         = "Han, Tao and Logan, Heather E. and McElrath, Bob and Wang, Lian-Tao",
         title          = "{Phenomenology of the little Higgs model}",
         journal        = "Phys. Rev.",
         volume         = "D67",
         year           = "2003",
         pages          = "095004",
         doi            = "10.1103/PhysRevD.67.095004",
         eprint         = "hep-ph/0301040",
         archivePrefix  = "arXiv",
         primaryClass   = "hep-ph",
         reportNumber   = "MADPH-02-1317",
         SLACcitation   = "%%CITATION = HEP-PH/0301040;%%"
}

@article{Perelstein:2005ka,
         author         = "Perelstein, Maxim",
         title          = "{Little Higgs models and their phenomenology}",
         journal        = "Prog. Part. Nucl. Phys.",
         volume         = "58",
         year           = "2007",
         pages          = "247-291",
         doi            = "10.1016/j.ppnp.2006.04.001",
         eprint         = "hep-ph/0512128",
         archivePrefix  = "arXiv",
         primaryClass   = "hep-ph",
         SLACcitation   = "%%CITATION = HEP-PH/0512128;%%"
}

@article{Contino:2011np,
         author         = "Contino, Roberto and Marzocca, David and Pappadopulo, Duccio and Rattazzi, Riccardo",
         title          = "{On the effect of resonances in composite Higgs phenomenology}",
         journal        = "JHEP",
         volume         = "10",
         year           = "2011",
         pages          = "081",
         doi            = "10.1007/JHEP10(2011)081",
         eprint         = "1109.1570",
         archivePrefix  = "arXiv",
         primaryClass   = "hep-ph",
         reportNumber   = "CERN-PH-TH-2009-036",
         SLACcitation   = "%%CITATION = ARXIV:1109.1570;%%"
}

@article{Marzocca:2012zn,
         author         = "Marzocca, David and Serone, Marco and Shu, Jing",
         title          = "{General Composite Higgs Models}",
	 journal        = "JHEP",
	 volume         = "08",
	 year           = "2012",
	 pages          = "013",
	 doi            = "10.1007/JHEP08(2012)013",
	 eprint         = "1205.0770",
	 archivePrefix  = "arXiv",
	 primaryClass   = "hep-ph",
	 reportNumber   = "SISSA-11-2012-EP",
	 SLACcitation   = "%%CITATION = ARXIV:1205.0770;%%"
}

@article{Pappadopulo:2014qza,
         author         = "Pappadopulo, Duccio and Thamm, Andrea and Torre, Riccardo and Wulzer, Andrea",
	 title          = "{Heavy Vector Triplets: Bridging Theory and Data}",
	 journal        = "JHEP",
	 volume         = "09",
	 year           = "2014",
	 pages          = "060",
	 doi            = "10.1007/JHEP09(2014)060",
	 eprint         = "1402.4431",
	 archivePrefix  = "arXiv",
	 primaryClass   = "hep-ph",
	 SLACcitation   = "%%CITATION = ARXIV:1402.4431;%%"
}

%%%%% Chapter 2 %%%%%

@article{Evans:2008zzb,
         author         = "Evans, Lyndon and Bryant, Philip",
         title          = "{LHC Machine}",
	 journal        = "JINST",
	 volume         = "3",
	 year           = "2008",
	 pages          = "S08001",
	 doi            = "10.1088/1748-0221/3/08/S08001",
	 SLACcitation   = "%%CITATION = JINST,3,S08001;%%"
}

@article{Chatrchyan:2008aa,
         author         = "Chatrchyan, S. and others",
         title          = "{The CMS experiment at the CERN LHC}",
	 collaboration  = "CMS",
	 journal        = "JINST",
	 volume         = "3",
	 year           = "2008",
	 pages          = "S08004",
	 doi            = "10.1088/1748-0221/3/08/S08004",
	 SLACcitation   = "%%CITATION = JINST,3,S08004;%%"
}

@article{Klyukhin:2012bb,
         author         = "Klyukhin, V. I. and Amapane, N. and Ball, A. and Cure, B. and Gaddi, A. and Gerwig, H. and Mulders, M. and Herve, A. and Loveless, R.",
	 title          = "{Measuring the Magnetic Flux Density in the CMS Steel Yoke}",
         year           = "2012",
         doi            = "10.1007/s10948-012-1967-5",
         eprint         = "1212.1657",
         archivePrefix  = "arXiv",
         primaryClass   = "physics.ins-det",
         SLACcitation   = "%%CITATION = ARXIV:1212.1657;%%"
}

@article{Veszpremi:2014hpa,
         author         = "Veszpremi, V.",
         title          = "{Operation and performance of the CMS tracker}",
         booktitle      = "{Proceedings, 13th Topical Seminar on Innovative Particle and Radiation Detectors (IPRD13): Siena, Italy, October 7-10, 2013}",
         collaboration  = "CMS",
         journal        = "JINST",
         volume         = "9",
         year           = "2014",
         pages          = "C03005",
         doi            = "10.1088/1748-0221/9/03/C03005",
         eprint         = "1402.0675",
         archivePrefix  = "arXiv",
         primaryClass   = "physics.ins-det",
         SLACcitation   = "%%CITATION = ARXIV:1402.0675;%%"
}

@article{Chatrchyan:2009qm,
         author         = "Chatrchyan, S and others",
         title          = "{Performance and Operation of the CMS Electromagnetic Calorimeter}",
         collaboration  = "CMS",
         journal        = "JINST",
         volume         = "5",
         year           = "2010",
         pages          = "T03010",
         doi            = "10.1088/1748-0221/5/03/T03010",
         eprint         = "0910.3423",
         archivePrefix  = "arXiv",
         primaryClass   = "physics.ins-det",
         reportNumber   = "CMS-CFT-09-004",
         SLACcitation   = "%%CITATION = ARXIV:0910.3423;%%"
}

@article{Chatrchyan:2009ag,
         author         = "Chatrchyan, S and others",
         title          = "{Performance of the CMS Hadron Calorimeter with Cosmic Ray Muons and LHC Beam Data}",
         collaboration  = "CMS",
         journal        = "JINST",
         volume         = "5",
         year           = "2010",
         pages          = "T03012",
         doi            = "10.1088/1748-0221/5/03/T03012",
         eprint         = "0911.4991",
         archivePrefix  = "arXiv",
         primaryClass   = "physics.ins-det",
         reportNumber   = "CMS-CFT-09-009",
         SLACcitation   = "%%CITATION = ARXIV:0911.4991;%%"
}

@article{Chatrchyan:2013sba,
         author         = "Chatrchyan, Serguei and others",
         title          = "{The performance of the CMS muon detector in proton-proton collisions at $\sqrt{s}$ = 7 TeV at the LHC}",
         collaboration  = "CMS",
         journal        = "JINST",
         volume         = "8",
         year           = "2013",
         pages          = "P11002",
         doi            = "10.1088/1748-0221/8/11/P11002",
         eprint         = "1306.6905",
         archivePrefix  = "arXiv",
         primaryClass   = "physics.ins-det",
         reportNumber   = "CMS-MUO-11-001, CERN-PH-EP-2013-072",
         SLACcitation   = "%%CITATION = ARXIV:1306.6905;%%"
}

@article{Brooke:2013hnf,
         author         = "Brooke, J.",
         title          = "{Performance of the CMS Level-1 Trigger}",
         booktitle      = "{Proceedings, 36th International Conference on High Energy Physics (ICHEP2012): Melbourne, Australia, July 4-11, 2012}",
         collaboration  = "CMS",
         journal        = "PoS",
         volume         = "ICHEP2012",
         year           = "2013",
         pages          = "508",
         eprint         = "1302.2469",
         archivePrefix  = "arXiv",
         primaryClass   = "hep-ex",
         reportNumber   = "CMS-CR-2012-322",
         SLACcitation   = "%%CITATION = ARXIV:1302.2469;%%"
}

@article{Gori:2014xea,
         author         = "Gori, Valentina",
         title          = "{The CMS High Level Trigger}",
         booktitle      = "{Proceedings, 33rd International Symposium on Physics in Collision (PIC 2013): Beijing, China, September 3-7, 2013}",
         journal        = "Int. J. Mod. Phys. Conf. Ser.",
         volume         = "31",
         year           = "2014",
         pages          = "1460297",
         doi            = "10.1142/S201019451460297X",
         eprint         = "1403.1500",
         archivePrefix  = "arXiv",
         primaryClass   = "physics.ins-det",
         SLACcitation   = "%%CITATION = ARXIV:1403.1500;%%"
}

%%%%% Chapter 3 %%%%%

@misc{filters,
      author        = "CMS Collaboration",
      title         = "{MET POG - Recommended MET Filters for Run-II}",
      howpublished  = "\url{https://twiki.cern.ch/twiki/bin/view/CMS/MissingETOptionalFiltersRun2?rev=79}"
}

@article{Alwall:2011uj,
         author         = "Alwall, Johan and Herquet, Michel and Maltoni, Fabio and Mattelaer, Olivier and Stelzer, Tim",
         title          = "{MadGraph 5: Going Beyond}",
         journal        = "JHEP",
         volume         = "06",
         year           = "2011",
         pages          = "128",
         doi            = "10.1007/JHEP06(2011)128",
         eprint         = "1106.0522",
         archivePrefix  = "arXiv",
         primaryClass   = "hep-ph",
         reportNumber   = "FERMILAB-PUB-11-448-T",
         SLACcitation   = "%%CITATION = ARXIV:1106.0522;%%"
}

@article{Sjostrand:2007gs,
         author         = "Sjostrand, Torbjorn and Mrenna, Stephen and Skands, Peter Z.",
         title          = "{A Brief Introduction to PYTHIA 8.1}",
         journal        = "Comput. Phys. Commun.",
         volume         = "178",
         year           = "2008",
         pages          = "852-867",
         doi            = "10.1016/j.cpc.2008.01.036",
         eprint         = "0710.3820",
         archivePrefix  = "arXiv",
         primaryClass   = "hep-ph",
         reportNumber   = "CERN-LCGAPP-2007-04, LU-TP-07-28, FERMILAB-PUB-07-512-CD-T",
         SLACcitation   = "%%CITATION = ARXIV:0710.3820;%%"
}

@article{Agostinelli:2002hh,
         author         = "Agostinelli, S. and others",
         title          = "{GEANT4: A Simulation toolkit}",
         collaboration  = "GEANT4",
         journal        = "Nucl. Instrum. Meth.",
         volume         = "A506",
         year           = "2003",
         pages          = "250-303",
         doi            = "10.1016/S0168-9002(03)01368-8",
         reportNumber   = "SLAC-PUB-9350, FERMILAB-PUB-03-339",
         SLACcitation   = "%%CITATION = NUIMA,A506,250;%%"
}

@article{Oleari:2010nx,
         author         = "Oleari, Carlo",
         title          = "{The POWHEG-BOX}",
         booktitle      = "{Proceedings,  10th DESY Workshop on Elementary Particle Theory: Loops and Legs in Quantum Field Theory: Woerlitz, Germany, April 25-30, 2010}",
         journal        = "Nucl. Phys. Proc. Suppl.",
         volume         = "205-206",
         year           = "2010",
         pages          = "36-41",
         doi            = "10.1016/j.nuclphysbps.2010.08.016",
         eprint         = "1007.3893",
         archivePrefix  = "arXiv",
         primaryClass   = "hep-ph",
         SLACcitation   = "%%CITATION = ARXIV:1007.3893;%%"
}

@article{Kallweit:2015dum,
         author         = "Kallweit, Stefan and Lindert, Jonas M. and Maierhofer, Philipp and Pozzorini, Stefano and Schonherr, Marek",
         title          = "{NLO QCD+EW predictions for V+jets including off-shell vector-boson decays and multijet merging}",
         journal        = "JHEP",
         volume         = "04",
         year           = "2016",
         pages          = "021",
         doi            = "10.1007/JHEP04(2016)021",
         eprint         = "1511.08692",
         archivePrefix  = "arXiv",
         primaryClass   = "hep-ph",
         reportNumber   = "DCPT-15-140, FR-PHENO-2015-014, IPPP-15-70, MCNET-15-23, MITP-15-108, ZU-TH-41-15, --MITP-15-108",
         SLACcitation   = "%%CITATION = ARXIV:1511.08692;%%"
}

@article{Gavin:2010az,
         author         = "Gavin, Ryan and Li, Ye and Petriello, Frank and Quackenbush, Seth",
         title          = "{FEWZ 2.0: A code for hadronic Z production at next-to-next-to-leading order}",
         journal        = "Comput. Phys. Commun.",
         volume         = "182",
         year           = "2011",
         pages          = "2388-2403",
         doi            = "10.1016/j.cpc.2011.06.008",
         eprint         = "1011.3540",
         archivePrefix  = "arXiv",
         primaryClass   = "hep-ph",
         reportNumber   = "ANL-HEP-PR-10-60",
         SLACcitation   = "%%CITATION = ARXIV:1011.3540;%%"
}

@article{Khachatryan:2015oqa,
         author         = "Khachatryan, Vardan and others",
         title          = "{Measurement of the differential cross section for top quark pair production in pp collisions at $\sqrt{s} = 8\,\text {TeV} $}",
         collaboration  = "CMS",
         journal        = "Eur. Phys. J.",
         volume         = "C75",
         year           = "2015",
         number         = "11",
         pages          = "542",
	 doi            = "10.1140/epjc/s10052-015-3709-x",
	 eprint         = "1505.04480",
         archivePrefix  = "arXiv",
         primaryClass   = "hep-ex",
         reportNumber   = "CMS-TOP-12-028, CERN-PH-EP-2015-117",
         SLACcitation   = "%%CITATION = ARXIV:1505.04480;%%"
}

@article{Campbell:2010ff,
         author         = "Campbell, John M. and Ellis, R. K.",
         title          = "{MCFM for the Tevatron and the LHC}",
         booktitle      = "{Proceedings, 10th DESY Workshop on Elementary Particle Theory: Loops and Legs in Quantum Field Theory: Woerlitz, Germany, April 25-30, 2010}",
         journal        = "Nucl. Phys. Proc. Suppl.",
         volume         = "205-206",
         year           = "2010",
         pages          = "10-15",
         doi            = "10.1016/j.nuclphysbps.2010.08.011",
         eprint         = "1007.3492",
         archivePrefix  = "arXiv",
         primaryClass   = "hep-ph",
         reportNumber   = "FERMILAB-CONF-10-244-T",
         SLACcitation   = "%%CITATION = ARXIV:1007.3492;%%"
}

@misc{eleTrig,
      author        = "CMS Collaboration",
      title         = "{Electron efficiencies and scale factors}",
      howpublished  = "\url{https://twiki.cern.ch/twiki/bin/view/CMS/EgammaIDRecipesRun2}"
}

@misc{muonTrig,
      author        = "CMS Collaboration",
      title         = "{Reference muon id, isolation and trigger efficiencies for Run-II}",
      howpublished  = "\url{https://twiki.cern.ch/twiki/bin/view/CMS/MuonReferenceEffsRun2}"
}

@article{Chatrchyan:2012xi,
         author         = "Chatrchyan, Serguei and others",
         title          = "{Performance of CMS muon reconstruction in $pp$ collision events at $\sqrt{s}=7$ TeV}",
         collaboration  = "CMS",
         journal        = "JINST",
         volume         = "7",
         year           = "2012",
         pages          = "P10002",
         doi            = "10.1088/1748-0221/7/10/P10002",
         eprint         = "1206.4071",
         archivePrefix  = "arXiv",
         primaryClass   = "physics.ins-det",
         reportNumber   = "CMS-MUO-10-004, CERN-PH-EP-2012-173",
         SLACcitation   = "%%CITATION = ARXIV:1206.4071;%%"
}

@article{Chatrchyan:2014fea,
         author         = "Chatrchyan, Serguei and others",
         title          = "{Description and performance of track and primary-vertex reconstruction with the CMS tracker}",
         collaboration  = "CMS",
         journal        = "JINST",
         volume         = "9",
         year           = "2014",
         number         = "10",
         pages          = "P10009",
         doi            = "10.1088/1748-0221/9/10/P10009",
         eprint         = "1405.6569",
         archivePrefix  = "arXiv",
         primaryClass   = "physics.ins-det",
         reportNumber   = "CMS-TRK-11-001, CERN-PH-EP-2014-070",
         SLACcitation   = "%%CITATION = ARXIV:1405.6569;%%"
}

@misc{pureweight1,
      author        = "CMS Collaboration",
      title         = "{Pileup Reweighting}",
      howpublished  = "\url{https://twiki.cern.ch/twiki/bin/viewauth/CMS/PileupReweighting}"
}

@misc{pureweight2,
      author        = "CMS Collaboration",
      title         = "{Utilities for Accessing Pileup Information for Data}",
      howpublished  = "\url{https://twiki.cern.ch/twiki/bin/view/CMS/PileupJSONFileforData}"
}

@inproceedings{Beaudette:2014cea,
               author         = "Beaudette, Florian",
               title          = "{The CMS Particle Flow Algorithm}",
	       booktitle      = "{Proceedings, International Conference on Calorimetry for the High Energy Frontier (CHEF 2013): Paris, France, April 22-25, 2013}",
               collaboration  = "CMS",
	       year           = "2013",
	       url            = "https://inspirehep.net/record/1279774/files/arXiv:1401.8155.pdf",
	       pages          = "295-304",
	       eprint         = "1401.8155",
	       archivePrefix  = "arXiv",
	       primaryClass   = "hep-ex",
	       SLACcitation   = "%%CITATION = ARXIV:1401.8155;%%"
}

@article{CMS:2009nxa,
      title          = "{Particle-Flow Event Reconstruction in CMS and Performance for Jets, Taus, and MET}",
      collaboration  = "CMS",
      year           = "2009",
      reportNumber   = "CMS-PAS-PFT-09-001",
      SLACcitation   = "%%CITATION = CMS-PAS-PFT-09-001;%%"
}

@article{Khachatryan:2015hwa,
         author         = "Khachatryan, Vardan and others",
         title          = "{Performance of Electron Reconstruction and Selection with the CMS Detector in Proton-Proton Collisions at $\sqrt{s}$ = 8 TeV}",
         collaboration  = "CMS",
         journal        = "JINST",
         volume         = "10",
         year           = "2015",
         number         = "06",
         pages          = "P06005",
         doi            = "10.1088/1748-0221/10/06/P06005",
         eprint         = "1502.02701",
         archivePrefix  = "arXiv",
         primaryClass   = "physics.ins-det",
         reportNumber   = "CMS-EGM-13-001, CERN-PH-EP-2015-004",
         SLACcitation   = "%%CITATION = ARXIV:1502.02701;%%"
}

@article{Fruhwirth:1987fm,
         author         = "Fruhwirth, R.",
         title          = "{Application of Kalman filtering to track and vertex fitting}",
         journal        = "Nucl. Instrum. Meth.",
         volume         = "A262",
         year           = "1987",
         pages          = "444-450",
         doi            = "10.1016/0168-9002(87)90887-4",
         reportNumber   = "HEPHY-PUB-87-503",
         SLACcitation   = "%%CITATION = NUIMA,A262,444;%%"
}

@article{Adam:2005bya,
         author         = "Adam, Wolfgang and Fruhwirth, R. and Strandlie, Are and Todor, T.",
         title          = "{Reconstruction of Electrons with the Gaussian-Sum Filter in the CMS Tracker at the LHC}",
         year           = "2005",
         reportNumber   = "CMS-NOTE-2005-001, CERN-CMS-NOTE-2005-001",
         SLACcitation   = "%%CITATION = CMS-NOTE-2005-001;%%"
}

@misc{eleSelections,
      author        = "CMS Collaboration",
      title         = "{Cut Based Electron ID for Run-II}",
      howpublished  = "\url{https://twiki.cern.ch/twiki/bin/view/CMS/CutBasedElectronIdentificationRun2}"
}

@misc{muSelections,
      author        = "CMS Collaboration",
      title         = "{Baseline muon selections for Run-II}",
      howpublished  = "\url{https://twiki.cern.ch/twiki/bin/view/CMS/SWGuideMuonIdRun2}"
}

@article{Atkin:2015msa,
         author         = "Atkin, Ryan",
         title          = "{Review of jet reconstruction algorithms}",
         booktitle      = "{Proceedings, Workshop on High Energy Particle Physics (HEPPW2015): Johannesburg, South Africa, February 11-13, 2015}",
         journal        = "J. Phys. Conf. Ser.",
         volume         = "645",
         year           = "2015",
         number         = "1",
         pages          = "012008",
         doi            = "10.1088/1742-6596/645/1/012008",
         SLACcitation   = "%%CITATION = 00462,645,012008;%%"
}

@article{Cacciari:2008gp,
         author         = "Cacciari, Matteo and Salam, Gavin P. and Soyez, Gregory",
         title          = "{The Anti-$k_t$ jet clustering algorithm}",
         journal        = "JHEP",
         volume         = "04",
         year           = "2008",
         pages          = "063",
         doi            = "10.1088/1126-6708/2008/04/063",
         eprint         = "0802.1189",
         archivePrefix  = "arXiv",
         primaryClass   = "hep-ph",
         reportNumber   = "LPTHE-07-03",
         SLACcitation   = "%%CITATION = ARXIV:0802.1189;%%"
}

@article{CMS:2014ata,
         author         = "CMS Collaboration",
         title          = "{Pileup Removal Algorithms}",
         collaboration  = "CMS",
         year           = "2014",
         reportNumber   = "CMS-PAS-JME-14-001",
         SLACcitation   = "%%CITATION = CMS-PAS-JME-14-001;%%"
}

@article{Ellis:2009me,
      author         = "Ellis, Stephen D. and Vermilion, Christopher K. and Walsh, Jonathan R.",
      title          = "{Recombination Algorithms and Jet Substructure: Pruning as a Tool for Heavy Particle Searches}",
      journal        = "Phys. Rev.",
      volume         = "D81",
      year           = "2010",
      pages          = "094023",
      doi            = "10.1103/PhysRevD.81.094023",
      eprint         = "0912.0033",
      archivePrefix  = "arXiv",
      primaryClass   = "hep-ph",
      SLACcitation   = "%%CITATION = ARXIV:0912.0033;%%"
}
									      
@article{Larkoski:2014wba,
         author         = "Larkoski, Andrew J. and Marzani, Simone and Soyez, Gregory and Thaler, Jesse",
         title          = "{Soft Drop}",
         journal        = "JHEP",
         volume         = "05",
         year           = "2014",
         pages          = "146",
         doi            = "10.1007/JHEP05(2014)146",
         eprint         = "1402.2657",
         archivePrefix  = "arXiv",
         primaryClass   = "hep-ph",
         reportNumber   = "MIT-CTP-4531, DCPT-14-24, IPPP-14-12",
         SLACcitation   = "%%CITATION = ARXIV:1402.2657;%%"
}

@article{Chatrchyan:2012jua,
         author         = "Chatrchyan, Serguei and others",
         title          = "{Identification of b-quark jets with the CMS experiment}",
         collaboration  = "CMS",
         journal        = "JINST",
         volume         = "8",
         year           = "2013",
         pages          = "P04013",
         doi            = "10.1088/1748-0221/8/04/P04013",
         eprint         = "1211.4462",
         archivePrefix  = "arXiv",
         primaryClass   = "hep-ex",
         reportNumber   = "CMS-BTV-12-001, CERN-PH-EP-2012-262",
         SLACcitation   = "%%CITATION = ARXIV:1211.4462;%%"
}

@article{CMS:2016kkf,
         author         = "CMS Collaboration",
         title          = "{Identification of b quark jets at the CMS Experiment in the LHC Run 2}",
         collaboration  = "CMS",
         year           = "2016",
         reportNumber   = "CMS-PAS-BTV-15-001",
         SLACcitation   = "%%CITATION = CMS-PAS-BTV-15-001;%%"
}

@misc{bTagEffSF,
      author        = "CMS Collaboration",
      title         = "{Methods to Apply b-Tagging Efficiency Scale Factors}",
      howpublished  = "\url{https://twiki.cern.ch/twiki/bin/view/CMSPublic/BtagRecommendation2010OpenData}"
      }

@misc{jetSelections,
      author        = "CMS Collaboration",
      title         = "{Jet Identification}",
      howpublished  = "\url{https://twiki.cern.ch/twiki/bin/view/CMS/JetID}"
      }

%%%%% Chapter 5 %%%%%

@article{Verkerke:2003ir,
         author         = "Verkerke, Wouter and Kirkby, David P.",
         title          = "{The RooFit toolkit for data modeling}",
         booktitle      = "{Statistical Problems in Particle Physics, Astrophysics and Cosmology (PHYSTAT 05): Proceedings, Oxford, UK, September 12-15, 2005}",
         journal        = "eConf",
         volume         = "C0303241",
         year           = "2003",
         pages          = "MOLT007",
         note           = "[,186(2003)]",
         eprint         = "physics/0306116",
         archivePrefix  = "arXiv",
         primaryClass   = "physics",
         reportNumber   = "CHEP-2003-MOLT007",
         SLACcitation   = "%%CITATION = PHYSICS/0306116;%%"
}

@article{Chatrchyan:2011ds,
         author         = "Chatrchyan, Serguei and others",
         title          = "{Determination of Jet Energy Calibration and Transverse Momentum Resolution in CMS}",
         collaboration  = "CMS",
         journal        = "JINST",
         volume         = "6",
         year           = "2011",
         pages          = "P11002",
         doi            = "10.1088/1748-0221/6/11/P11002",
         eprint         = "1107.4277",
         archivePrefix  = "arXiv",
         primaryClass   = "physics.ins-det",
         reportNumber   = "CERN-PH-EP-2011-102, CMS-JME-10-011",
         SLACcitation   = "%%CITATION = ARXIV:1107.4277;%%"
}

@article{Butterworth:2015oua,
         author         = "Butterworth, Jon and others",
         title          = "{PDF4LHC recommendations for LHC Run II}",
	 journal        = "J. Phys.",
	 volume         = "G43",
	 year           = "2016",
	 pages          = "023001",
	 doi            = "10.1088/0954-3899/43/2/023001",
	 eprint         = "1510.03865",
	 archivePrefix  = "arXiv",
	 primaryClass   = "hep-ph",
	 reportNumber   = "OUTP-15-17P, SMU-HEP-15-12, TIF-UNIMI-2015-14, LCTS-2015-27, CERN-PH-TH-2015-249",
         SLACcitation   = "%%CITATION = ARXIV:1510.03865;%%"
}

@article{Ball:2014uwa,
         author         = "Ball, Richard D. and others",
         title          = "{Parton distributions for the LHC Run II}",
	 collaboration  = "NNPDF",
	 journal        = "JHEP",
	 volume         = "04",
	 year           = "2015",
	 pages          = "040",
	 doi            = "10.1007/JHEP04(2015)040",
	 eprint         = "1410.8849",
	 archivePrefix  = "arXiv",
	 primaryClass   = "hep-ph",
	 reportNumber   = "EDINBURGH-2014-15, IFUM-1034-FT, CERN-PH-TH-2013-253, OUTP-14-11P, CAVENDISH-HEP-14-11",
         SLACcitation   = "%%CITATION = ARXIV:1410.8849;%%"
}

@article{CMS:2016eto,
         author         = "CMS Collaboration",
         title          = "{CMS Luminosity Measurement for the 2015 Data Taking Period}",
         collaboration  = "CMS",
         year           = "2016",
         reportNumber   = "CMS-PAS-LUM-15-001",
         SLACcitation   = "%%CITATION = CMS-PAS-LUM-15-001;%%"
}

%%%%% Chapter 6 %%%%%

@article{Junk:1999kv,
         author         = "Junk, Thomas",
         title          = "{Confidence level computation for combining searches with small statistics}",
         journal        = "Nucl. Instrum. Meth.",
         volume         = "A434",
         year           = "1999",
         pages          = "435-443",
         doi            = "10.1016/S0168-9002(99)00498-2",
         eprint         = "hep-ex/9902006",
         archivePrefix  = "arXiv",
         primaryClass   = "hep-ex",
         reportNumber   = "CARLETON-OPAL-PHYS-99-01, CERN-EP-99-041",
         SLACcitation   = "%%CITATION = HEP-EX/9902006;%%"
}
										    
@article{Read:2002hq,
         author         = "Read, Alexander L.",
         title          = "{Presentation of search results: The $CL_s$ technique}",
         booktitle      = "{Advanced Statistical Techniques in Particle Physics. Proceedings, Conference, Durham, UK, March 18-22, 2002}",
         journal        = "J. Phys.",
         volume         = "G28",
         year           = "2002",
         pages          = "2693-2704",
         doi            = "10.1088/0954-3899/28/10/313",
         note           = "[,11(2002)]",
         SLACcitation   = "%%CITATION = JPAGA,G28,2693;%%"
}

@misc{higgsCombine,
      author        = "CMS Collaboration",
      title         = "{Documentation of the RooStats-based statistics tools for Higgs PAG}",
      howpublished  = "\url{https://twiki.cern.ch/twiki/bin/view/CMS/SWGuideHiggsAnalysisCombinedLimit}"
      }

@article{Khachatryan:2014jba,
         author         = "Khachatryan, Vardan and others",
         title          = "{Precise determination of the mass of the Higgs boson and tests of compatibility of its couplings with the standard model predictions using proton collisions at 7 and 8$\,\text {TeV}$}",
         collaboration  = "CMS",
         journal        = "Eur. Phys. J.",
         volume         = "C75",
         year           = "2015",
         number         = "5",
         pages          = "212",
         doi            = "10.1140/epjc/s10052-015-3351-7",
         eprint         = "1412.8662",
	 archivePrefix  = "arXiv",
         primaryClass   = "hep-ex",
         reportNumber   = "CMS-HIG-14-009, CERN-PH-EP-2014-288",
         SLACcitation   = "%%CITATION = ARXIV:1412.8662;%%"
}